@inproceedings{Boe:2013:HLS:2445196.2445265,
 author = {Boe, Bryce and Hill, Charlotte and Len, Michelle and Dreschler, Greg
                  and Conrad, Phillip and Franklin, Diana},
 title = {Hairball: Lint-inspired Static Analysis of Scratch Projects},
 booktitle = {Proceeding of the 44th ACM Technical Symposium on Computer
                  Science Education},
 series = {SIGCSE '13},
 year = {2013},
 isbn = {978-1-4503-1868-6},
 location = {Denver, Colorado, USA},
 pages = {215--220},
 numpages = {6},
 url = {http://doi.acm.org/10.1145/2445196.2445265},
 doi = {10.1145/2445196.2445265},
 acmid = {2445265},
 publisher = {ACM},
 address = {New York, NY, USA},
 keywords = {automated assessment, scratch, static analysis},
}